<?xml version='1.0' encoding='UTF-8'?>
<record xmlns="http://www.loc.gov/MARC21/slim">
  <leader>01769cam a2200337 a 4500</leader>
  <controlfield tag="001">501875</controlfield>
  <controlfield tag="003">NjP</controlfield>
  <controlfield tag="005">20180808123854.0</controlfield>
  <controlfield tag="008">890327q19801989ir       b    000 0bara d</controlfield>
  <datafield tag="024" ind1="7" ind2=" ">
    <subfield code="a">princeton_aco003134</subfield>
    <subfield code="2">local</subfield>
  </datafield>
  <datafield ind1=" " ind2=" " tag="035">
    <subfield code="a">(OCoLC)ocn175746563</subfield>
  </datafield>
  <datafield ind1=" " ind2=" " tag="040">
    <subfield code="a">NjP</subfield>
    <subfield code="c">PUL</subfield>
    <subfield code="d">PUL</subfield>
  </datafield>
  <datafield ind1=" " ind2=" " tag="035">
    <subfield code="a">(OCoLC)175746563</subfield>
  </datafield>
  <datafield ind1=" " ind2=" " tag="035">
    <subfield code="a">(CStRLIN)NJPG89-B15071</subfield>
  </datafield>
  <datafield ind1=" " ind2=" " tag="035">
    <subfield code="9">ACH7652TS</subfield>
  </datafield>
  <datafield ind1=" " ind2=" " tag="035">
    <subfield code="a">(NjP)501875</subfield>
  </datafield>
  <datafield ind1=" " ind2=" " tag="079">
    <subfield code="a">ocm26601090</subfield>
  </datafield>
  <datafield ind1=" " ind2=" " tag="049">
    <subfield code="a">PULL</subfield>
  </datafield>
  <datafield ind1="1" ind2=" " tag="100">
    <subfield code="6">880-01</subfield>
    <subfield code="a">Muṣṭafavī, Ḥasan.</subfield>
  </datafield>
  <datafield ind1="1" ind2="3" tag="245">
    <subfield code="6">880-02</subfield>
    <subfield code="a">al-Imām al-Mujtabá Abū Muḥammad al-Ḥasan ibn ʻAlī, ʻalayhimā al-salām :</subfield>
    <subfield code="b">ḥayātuhu, maqāmātuhu, khilāfatuhu, ḥulmuhu, jarayān ṣulḥihi, kalimātuhu, khuṭābuhu, radd al-iʻtirāḍāt : ʻan kutub Ahl al-Sunnah wa-ṣiḥāḥihim wa-tawārīkhihim /</subfield>
    <subfield code="c">taʼlīf Ḥasan al-Muṣṭafawī.</subfield>
  </datafield>
  <datafield ind1=" " ind2=" " tag="260">
    <subfield code="6">880-03</subfield>
    <subfield code="a">Qum :</subfield>
    <subfield code="b">Ḥ. al-Muṣṭafawī,</subfield>
    <subfield code="c">[198-]</subfield>
  </datafield>
  <datafield ind1=" " ind2=" " tag="300">
    <subfield code="a">260 p. ;</subfield>
    <subfield code="c">24 cm.</subfield>
  </datafield>
  <datafield ind1=" " ind2=" " tag="504">
    <subfield code="a">Includes bibliographical references (p. [253]-256).</subfield>
  </datafield>
  <datafield ind1="0" ind2="0" tag="600">
    <subfield code="6">880-04</subfield>
    <subfield code="a">Ḥasan ibn ʻAlī,</subfield>
    <subfield code="d">d. ca. 669.</subfield>
    <subfield code="0">http://id.loc.gov/authorities/names/n84006350</subfield>
  </datafield>
  <datafield ind1="1" ind2=" " tag="880">
    <subfield code="6">100-01/r</subfield>
    <subfield code="a">مصطفڤي، حسن.</subfield>
  </datafield>
  <datafield ind1="1" ind2="2" tag="880">
    <subfield code="6">245-02/r</subfield>
    <subfield code="a">الامام المجتبى ابو محمد الحسن بن علي، عليهما السلام :</subfield>
    <subfield code="b">حياةه، مقاماته، خلافته، حلمه، جريان صلحه، كلماته، خطابه، رد الاعتراضات : عن كتب اهل السنة وصحاحهم وتواريخهم /</subfield>
    <subfield code="c">تأليف حسن المصطفوي.</subfield>
  </datafield>
  <datafield ind1=" " ind2=" " tag="880">
    <subfield code="6">260-03/r</subfield>
    <subfield code="a">قم :</subfield>
    <subfield code="b">ح. المصطفوي،</subfield>
    <subfield code="c">[198-]</subfield>
  </datafield>
  <datafield ind1="0" ind2="0" tag="880">
    <subfield code="6">600-04/r</subfield>
    <subfield code="a">حسن بن علي،</subfield>
    <subfield code="d">d. ca. 669.</subfield>
  </datafield>
  <datafield ind1=" " ind2=" " tag="998">
    <subfield code="a">09/02/92</subfield>
    <subfield code="s">9118</subfield>
    <subfield code="n">NjP</subfield>
    <subfield code="w">NJPG89B15071</subfield>
    <subfield code="d">03/27/89</subfield>
    <subfield code="c">JEB</subfield>
    <subfield code="b">JEB</subfield>
    <subfield code="i">920902</subfield>
    <subfield code="l">NJPG</subfield>
  </datafield>
  <datafield ind1=" " ind2=" " tag="911">
    <subfield code="a">19921028</subfield>
  </datafield>
  <datafield ind1=" " ind2=" " tag="912">
    <subfield code="a">19920902000000.0</subfield>
  </datafield>
  <datafield ind1=" " ind2=" " tag="994">
    <subfield code="a">C0</subfield>
    <subfield code="b">PUL</subfield>
  </datafield>
  <datafield ind1=" " ind2=" " tag="999">
    <subfield code="a">501875</subfield>
  </datafield>
  <datafield ind1="0" ind2="0" tag="852">
    <subfield code="0">545930</subfield>
    <subfield code="b">rcppa</subfield>
    <subfield code="t">1</subfield>
    <subfield code="h">BP193.12.A3</subfield>
    <subfield code="i">M878 1980z</subfield>
    <subfield code="x">tr fr nec</subfield>
  </datafield>
  <datafield ind1=" " ind2=" " tag="959">
    <subfield code="a">2000-06-13 00:00:00 -0400</subfield>
  </datafield>
</record>
